<?xml version="1.0" encoding="UTF-8"?><record xmlns="http://www.loc.gov/MARC21/slim" xmlns:cinclude="http://apache.org/cocoon/include/1.0" xmlns:zs="http://www.loc.gov/zing/srw/">
  <leader>00429cz  a2200121n  4500</leader>
  <controlfield tag="001">n  92019107 </controlfield>
  <controlfield tag="003">DLC</controlfield>
  <controlfield tag="005">19920226130736.3</controlfield>
  <controlfield tag="008">920222n| acannaab|          |n aaa |||  </controlfield>
  <datafield tag="010" ind1=" " ind2=" ">
    <subfield code="a">n  92019107 </subfield>
  </datafield>
  <datafield tag="040" ind1=" " ind2=" ">
    <subfield code="a">DLC</subfield>
    <subfield code="c">DLC</subfield>
    <subfield code="d">DLC</subfield>
  </datafield>
  <datafield tag="100" ind1="1" ind2="0">
    <subfield code="a">Gorazdovskiĭ, T. I︠A︡.</subfield>
  </datafield>
  <datafield tag="670" ind1=" " ind2=" ">
    <subfield code="a">Balakirev, D.A. Termodinamicheskai︠a︡ mekhanika reagirui︠u︡shchikh sistem, 1991:</subfield>
    <subfield code="b">t.p. (doktor fiziko-matematicheskikh nauk T.I︠A︡. Gorazdovskiĭ)</subfield>
  </datafield>
</record>